@ARTICLE{bowman:reasoning,
	AUTHOR = "Mic Bowman and Saumya K. Debray and Larry L. Peterson",
	TITLE = "Reasoning About Naming Systems",
	JOURNAL = "ACM Trans. Program. Lang. Syst.",
	VOLUME = {15},
	NUMBER = {5},
	PAGES = {795-825},
	MONTH = "November",
	YEAR = {1993}	}

@ARTICLE{DBLP:journals/corr/abs-1303-0818,
  author    = {Yann Ollivier},
  title     = {Riemannian metrics for neural networks},
  journal   = {CoRR},
  volume    = {abs/1303.0818},
  year      = {2013},
  url       = {http://arxiv.org/abs/1303.0818},
  timestamp = {Mon, 08 Apr 2013 13:28:28 +0200},
  biburl    = {http://dblp.uni-trier.de/rec/bib/journals/corr/abs-1303-0818},
  bibsource = {dblp computer science bibliography, http://dblp.org}
}

@inbook{LeCun1998,
  Address = {Berlin, Heidelberg},
  Author = {LeCun, Yann and Bottou, Leon and Orr, Genevieve B. and M{\"u}ller, Klaus -Robert},
  Booktitle = {Neural Networks: Tricks of the Trade},
  Doi = {10.1007/3-540-49430-8_2},
  Editor = {Orr, Genevieve B. and M{\"u}ller, Klaus-Robert},
  Isbn = {978-3-540-49430-0},
  Pages = {9--50},
  Publisher = {Springer Berlin Heidelberg},
  Title = {Efficient BackProp},
  Url = {http://dx.doi.org/10.1007/3-540-49430-8_2},
  Year = {1998},
  Bdsk-Url-1 = {http://dx.doi.org/10.1007/3-540-49430-8_2}}
  
@INPROCEEDINGS{clark:pct,
	AUTHOR = "Malcolm Clark",
	TITLE = "Post Congress Tristesse",
	BOOKTITLE = "TeX90 Conference Proceedings",
	PAGES = "84-89",
	ORGANIZATION = "TeX Users Group",
	MONTH = "March", 
	YEAR = {1991}	}

@ARTICLE{herlihy:methodology,
	AUTHOR = "Maurice Herlihy",
	TITLE = "A Methodology for Implementing Highly Concurrent
	Data Objects",
	JOURNAL = {ACM Trans. Program. Lang. Syst.},
	VOLUME = {15},
	NUMBER = {5},
	PAGES = {745-770},
	MONTH = "November",
	YEAR = {1993}	}

@BOOK{Lamport:LaTeX,
	AUTHOR = "Leslie Lamport",
	TITLE = "LaTeX User's Guide and Document Reference Manual",
	PUBLISHER = "Addison-Wesley Publishing Company",
	ADDRESS = "Reading, Massachusetts",
	YEAR = "1986"	}

@BOOK{salas:calculus,
	AUTHOR = "S.L. Salas and Einar Hille",
	TITLE = "Calculus: One and Several Variable",
	PUBLISHER = "John Wiley and Sons",
	ADDRESS = "New York",
	YEAR = "1978"	}



@article{ba2016layer,
  title={Layer normalization},
  author={Ba, Jimmy Lei and Kiros, Jamie Ryan and Hinton, Geoffrey E},
  journal={arXiv preprint arXiv:1607.06450},
  year={2016}
}


@article{salimans2016weight,
  title={Weight Normalization: A Simple Reparameterization to Accelerate Training of Deep Neural Networks},
  author={Salimans, Tim and Kingma, Diederik P},
  journal={arXiv preprint arXiv:1602.07868},
  year={2016}
}
@article{ioffe2015batch,
  title={Batch normalization: Accelerating deep network training by reducing internal covariate shift},
  author={Ioffe, Sergey and Szegedy, Christian},
  journal={arXiv preprint arXiv:1502.03167},
  year={2015}
}


@inproceedings{guney2015displets,
  title={Displets: Resolving stereo ambiguities using object knowledge},
  author={Guney, Fatma and Geiger, Andreas},
  booktitle={Proceedings of the IEEE Conference on Computer Vision and Pattern Recognition},
  pages={4165--4175},
  year={2015}
}


@article{fu2015survey,
  title={A Survey of Computer Vision Research for Automotive Systems},
  author={Fu, Cheng-Yang and Wang, Chun-Kun and Park, Eunbyung},
  year={2015}
}


@article{das2016volume,
  title={Volume estimation of tonsil phantoms using an oral camera with 3D imaging},
  author={Das, Anshuman J and Valdez, Tulio A and Vargas, Jose Arbouin and Saksupapchon, Punyapat and Rachapudi, Pushyami and Ge, Zhifei and Estrada, Julio C and Raskar, Ramesh},
  journal={Biomedical Optics Express},
  volume={7},
  number={4},
  pages={1445--1457},
  year={2016},
  publisher={Optical Society of America}
}


@article{serino2016pokemon,
  title={Pok{\'e}mon Go and augmented virtual reality games: a cautionary commentary for parents and pediatricians},
  author={Serino, Maeve and Cordrey, Kyla and McLaughlin, Laura and Milanaik, Ruth L},
  journal={Current opinion in pediatrics},
  volume={28},
  number={5},
  pages={673--677},
  year={2016},
  publisher={LWW}
}

@inproceedings{krizhevsky2012imagenet,
  title={Imagenet classification with deep convolutional neural networks},
  author={Krizhevsky, Alex and Sutskever, Ilya and Hinton, Geoffrey E},
  booktitle={Advances in neural information processing systems},
  pages={1097--1105},
  year={2012}
}

@inproceedings{ren2015faster,
  title={Faster R-CNN: Towards real-time object detection with region proposal networks},
  author={Ren, Shaoqing and He, Kaiming and Girshick, Ross and Sun, Jian},
  booktitle={Advances in neural information processing systems},
  pages={91--99},
  year={2015}
}
@inproceedings{vinyals2015show,
  title={Show and tell: A neural image caption generator},
  author={Vinyals, Oriol and Toshev, Alexander and Bengio, Samy and Erhan, Dumitru},
  booktitle={Proceedings of the IEEE Conference on Computer Vision and Pattern Recognition},
  pages={3156--3164},
  year={2015}
}

@inproceedings{taigman2014deepface,
  title={Deepface: Closing the gap to human-level performance in face verification},
  author={Taigman, Yaniv and Yang, Ming and Ranzato, Marc'Aurelio and Wolf, Lior},
  booktitle={Proceedings of the IEEE Conference on Computer Vision and Pattern Recognition},
  pages={1701--1708},
  year={2014}
}

@article{gregor2015draw,
  title={DRAW: A recurrent neural network for image generation},
  author={Gregor, Karol and Danihelka, Ivo and Graves, Alex and Rezende, Danilo Jimenez and Wierstra, Daan},
  journal={arXiv preprint arXiv:1502.04623},
  year={2015}
}

@article{he2015deep,
  title={Deep residual learning for image recognition},
  author={He, Kaiming and Zhang, Xiangyu and Ren, Shaoqing and Sun, Jian},
  journal={arXiv preprint arXiv:1512.03385},
  year={2015}
}

@article{sutskever2013importance,
  title={On the importance of initialization and momentum in deep learning.},
  author={Sutskever, Ilya and Martens, James and Dahl, George E and Hinton, Geoffrey E},
  journal={ICML (3)},
  volume={28},
  pages={1139--1147},
  year={2013}
}

@inproceedings{he2015delving,
  title={Delving deep into rectifiers: Surpassing human-level performance on imagenet classification},
  author={He, Kaiming and Zhang, Xiangyu and Ren, Shaoqing and Sun, Jian},
  booktitle={Proceedings of the IEEE International Conference on Computer Vision},
  pages={1026--1034},
  year={2015}
}


